@inproceedings{bib:wang2004bide,
  title={BIDE: Efficient mining of frequent closed sequences},
  author={Wang, Jianyong and Han, Jiawei},
  booktitle={Data Engineering, 2004. Proceedings. 20th International Conference on},
  pages={79--90},
  year={2004},
  organization={IEEE}
}

@InProceedings{bib:BARBU08.495,
  author = {Ana-Maria Barbu},
  title = {Romanian Lexical Data Bases: Inflected and Syllabic Forms Dictionaries},
  booktitle = {Proceedings of the Sixth International Conference on Language Resources and Evaluation (LREC'08)},
  year = {2008},
  month = {may},
  date = {28-30},
  publisher = {European Language Resources Association (ELRA)},
  isbn = {2-9517408-4-0},
  note = {http://www.lrec-conf.org/proceedings/lrec2008/},
  language = {english}
}

@article{bib:marchand2009automatic,
  title={Automatic syllabification in English: A comparison of different algorithms},
  author={Marchand, Yannick and Adsett, Connie R and Damper, Robert I},
  journal={Language and Speech},
  volume={52},
  number={1},
  pages={1--27},
  year={2009},
  publisher={SAGE Publications}
}

@misc{bib:dinu2004despartirea,
  title={DESPARTIREA AUTOMATA IN SILABE A CUVINTELOR DIN LIMBA ROMANA. APLICATII IN CONSTRUCTIA BAZEI DE DATE A SILABELOR LIMBII ROMANE},
  author={DINU, L},
  year={2004},
  publisher={Universitatea Bucuresti}
}

@inproceedings{bib:dinu2013romanian,
  title={Romanian Syllabication Using Machine Learning},
  author={Dinu, Liviu P and Niculae, Vlad and Sulea, Octavia-Maria},
  booktitle={Text, Speech, and Dialogue},
  pages={450--456},
  year={2013},
  organization={Springer}
}

@phdthesis{bib:liang1983word,
  title={Word Hy-phen-a-tion by Com-put-er},
  author={Liang, Franklin Mark},
  year={1983},
  school={Citeseer}
}

@inproceedings{bib:hunt1980experiments,
  title={Experiments in syllable-based recognition of continuous speech},
  author={Hunt, Melvyn J and Lennig, Matthew and Mermelstein, Paul},
  booktitle={Acoustics, Speech, and Signal Processing, IEEE International Conference on ICASSP'80.},
  volume={5},
  pages={880--883},
  year={1980},
  organization={IEEE}
}

@article{bib:damper1997pronunciation,
  title={Pronunciation by analogy: Impact of implementational choices on performance},
  author={Damper, Robert I and Eastmond, John FG},
  journal={Language and Speech},
  volume={40},
  number={1},
  pages={1--23},
  year={1997},
  publisher={SAGE Publications}
}

@inproceedings{bib:kiraz1998multilingual,
  title={Multilingual syllabification using weighted finite-state transducers},
  author={Kiraz, George Anton and M{\"o}bius, Bernd},
  booktitle={The Third ESCA/COCOSDA Workshop (ETRW) on Speech Synthesis},
  year={1998}
}

